<record><leader>00000cas a2200000 a 4500</leader><controlfield tag="001">33436723</controlfield><controlfield tag="008">951108d19791985fluwr ne      0    0eng c</controlfield><datafield ind1=" " ind2=" " tag="010"><subfield code="a">sn 95047257 </subfield></datafield><datafield ind1=" " ind2=" " tag="040"><subfield code="a">FUG</subfield><subfield code="b">eng</subfield><subfield code="c">FUG</subfield><subfield code="d">OCLCQ</subfield><subfield code="d">OCLCF</subfield><subfield code="d">OCLCO</subfield></datafield><datafield ind1=" " ind2=" " tag="012"><subfield code="i">9511</subfield></datafield><datafield ind1="1" ind2=" " tag="029"><subfield code="a">AU@</subfield><subfield code="b">000025888935</subfield></datafield><datafield ind1=" " ind2=" " tag="042"><subfield code="a">pcc</subfield></datafield><datafield ind1=" " ind2=" " tag="043"><subfield code="a">n-us-fl</subfield></datafield><datafield ind1="0" ind2=" " tag="130"><subfield code="a">Herald-observer (Belle Glade, Fla.)</subfield></datafield><datafield ind1="1" ind2="4" tag="245"><subfield code="a">The herald-observer.</subfield></datafield><datafield ind1=" " ind2=" " tag="260"><subfield code="a">Belle Glade, FL :</subfield><subfield code="b">Montlake Media,</subfield><subfield code="c">1979-1985.</subfield></datafield><datafield ind1="0" ind2=" " tag="362"><subfield code="a">Vol. 1, no. 1 (Sept. 20, 1979)- ; -v. 61, no. 20 (May 16, 1985).</subfield></datafield><datafield ind1=" " ind2=" " tag="500"><subfield code="a">"Voice of the Glades."</subfield></datafield><datafield ind1=" " ind2=" " tag="500"><subfield code="a">Published at Belle Glade and Pahokee, Sept. 27, 1979-</subfield></datafield><datafield ind1=" " ind2="0" tag="651"><subfield code="a">Belle Glade (Fla.)</subfield><subfield code="v">Newspapers.</subfield></datafield><datafield ind1=" " ind2="0" tag="651"><subfield code="a">Pahokee (Fla.)</subfield><subfield code="v">Newspapers.</subfield></datafield><datafield ind1=" " ind2="0" tag="651"><subfield code="a">Palm Beach County (Fla.)</subfield><subfield code="v">Newspapers.</subfield></datafield><datafield ind1=" " ind2="7" tag="655"><subfield code="a">Newspapers.</subfield><subfield code="2">fast</subfield><subfield code="0">(OCoLC)fst01423814</subfield></datafield><datafield ind1=" " ind2="7" tag="651"><subfield code="a">Florida</subfield><subfield code="z">Belle Glade.</subfield><subfield code="2">fast</subfield><subfield code="0">(OCoLC)fst01215786</subfield></datafield><datafield ind1=" " ind2="7" tag="651"><subfield code="a">Florida</subfield><subfield code="z">Pahokee.</subfield><subfield code="2">fast</subfield><subfield code="0">(OCoLC)fst01216861</subfield></datafield><datafield ind1=" " ind2="7" tag="651"><subfield code="a">Florida</subfield><subfield code="z">Palm Beach County.</subfield><subfield code="2">fast</subfield><subfield code="0">(OCoLC)fst01205639</subfield></datafield><datafield ind1=" " ind2=" " tag="752"><subfield code="a">United States</subfield><subfield code="b">Florida</subfield><subfield code="c">Palm Beach</subfield><subfield code="d">Belle Glade.</subfield></datafield><datafield ind1=" " ind2=" " tag="752"><subfield code="a">United States</subfield><subfield code="b">Florida</subfield><subfield code="c">Palm Beach</subfield><subfield code="d">Pahokee.</subfield></datafield><datafield ind1="0" ind2=" " tag="775"><subfield code="t">Lake leader</subfield><subfield code="w">(DLC)sn</subfield></datafield><datafield ind1="0" ind2="4" tag="780"><subfield code="t">Belle Glade herald (Belle Glade, Fla. : 1940)</subfield><subfield code="w">(DLC)sn 95047256</subfield><subfield code="w">(OCoLC)33436722</subfield></datafield><datafield ind1="0" ind2="4" tag="780"><subfield code="t">Everglades observer</subfield><subfield code="w">(DLC)sn 95047255</subfield><subfield code="w">(OCoLC)33436721</subfield></datafield><datafield ind1="0" ind2="6" tag="785"><subfield code="t">Belle Glade herald (Belle Glade, Fla. : 1985)</subfield><subfield code="w">(DLC)sn 95047258</subfield><subfield code="w">(OCoLC)33436724</subfield></datafield><datafield ind1="0" ind2="6" tag="785"><subfield code="t">Pahokee observer</subfield></datafield><datafield ind1=" " ind2=" " tag="850"><subfield code="a">FU</subfield></datafield></record>